@book{brasil-lei-11.892-2008,
    author            = {Brasil},
    title             = {Lei n\textordmasculine{} 11.892, de 29 de dezembro de 2008},
    titleaddon        = {Institui a Rede Federal de Educação Profissional, Científica e Tecnológica, cria os Institutos Federais de Educação, Ciência e Tecnologia, e dá outras providências},
    publisher         = {Diário Oficial da União},
    address           = {Brasília},
    date              = {2008-12-30},
    year              = {2008},
    url               = {https://www.planalto.gov.br/ccivil_03/_ato2007-2010/2008/lei/l11892.htm},
    urlaccessdate     = {2022-03-06}
  }

@misc{iffar-identidade-visual-2021,
  org-short     = {IFFar},
  organization = {IFFar --- Instituto Federal Farroupilha},
  howpublished = {online},
  title        = {Sobre a Secom},
  year         = {2021},
  url          = {https://www.iffarroupilha.edu.br/comunica%C3%A7%C3%A3o/apresenta%C3%A7%C3%A3o#identidade-visual-do-iffar},
  urlaccessdate = {2022-12-16}
}